<record><leader>00000cas a22000007a 4500</leader><controlfield tag="001">22153436</controlfield><controlfield tag="008">900727d19691980aruwr ne      0    0eng d</controlfield><datafield ind1=" " ind2=" " tag="010"><subfield code="a">sn 90050250 </subfield></datafield><datafield ind1=" " ind2=" " tag="040"><subfield code="a">ANU</subfield><subfield code="b">eng</subfield><subfield code="c">ANU</subfield><subfield code="d">OCLCQ</subfield><subfield code="d">OCLCF</subfield><subfield code="d">OCLCO</subfield></datafield><datafield ind1="1" ind2=" " tag="029"><subfield code="a">AU@</subfield><subfield code="b">000025903791</subfield></datafield><datafield ind1=" " ind2=" " tag="042"><subfield code="a">msc</subfield></datafield><datafield ind1="0" ind2=" " tag="130"><subfield code="a">Ashley County ledger (Hamburg, Ark. : 1969)</subfield></datafield><datafield ind1="0" ind2="0" tag="245"><subfield code="a">Ashley County ledger.</subfield></datafield><datafield ind1=" " ind2=" " tag="260"><subfield code="a">Hamburg, Ark. :</subfield><subfield code="b">George E. Locke</subfield></datafield><datafield ind1=" " ind2=" " tag="300"><subfield code="a">v.</subfield></datafield><datafield ind1=" " ind2=" " tag="310"><subfield code="a">Weekly</subfield></datafield><datafield ind1="0" ind2=" " tag="362"><subfield code="a">Vol. 1, no. 1 (Sept. 17, 1969)-v. 11, no. 28 (Apr. 3, 1980).</subfield></datafield><datafield ind1=" " ind2=" " tag="580"><subfield code="a">Merged with: South Arkansas news-press, to form: South Arkansas news (Monticello, Ark. : Ashley County ed.), and: South Arkansas news (Monticello, Ark. : Drew County ed.).</subfield></datafield><datafield ind1=" " ind2="0" tag="651"><subfield code="a">Hamburg (Ark.)</subfield><subfield code="v">Newspapers.</subfield></datafield><datafield ind1=" " ind2="7" tag="655"><subfield code="a">Newspapers.</subfield><subfield code="2">fast</subfield><subfield code="0">(OCoLC)fst01423814</subfield></datafield><datafield ind1=" " ind2="7" tag="651"><subfield code="a">Arkansas</subfield><subfield code="z">Hamburg.</subfield><subfield code="2">fast</subfield><subfield code="0">(OCoLC)fst01879156</subfield></datafield><datafield ind1=" " ind2=" " tag="752"><subfield code="a">United States</subfield><subfield code="b">Arkansas</subfield><subfield code="c">Ashley</subfield><subfield code="d">Hamburg.</subfield></datafield><datafield ind1="1" ind2="7" tag="785"><subfield code="t">South Arkansas news-press</subfield><subfield code="w">(DLC)sn 90050277</subfield></datafield><datafield ind1="1" ind2="7" tag="785"><subfield code="t">South Arkansas news (Monticello, Ark. : Ashley County ed.)</subfield><subfield code="w">(DLC)sn 90050251</subfield></datafield><datafield ind1="1" ind2="7" tag="785"><subfield code="t">South Arkansas news (Monticello, Ark. : Drew County ed.)</subfield><subfield code="w">(DLC)sn 90050262</subfield></datafield></record>